@Book{lauwens2020,
  author    =    {Lauwens, Ben and Downey, Allen B.},
  ALTeditor =    {},
  title =        {Think Julia: How to Think Like a Computer Scientist},
  publisher =    {O'Reilly},
  year =         {2020},
  OPTkey =       {},
  OPTvolume =    {},
  OPTnumber =    {},
  OPTseries =    {},
  OPTaddress =   {},
  edition    =   {1st},
  OPTmonth =     {},
  note    =      {Retrieved from \url{https://benlauwens.github.io/ThinkJulia.jl/latest/book.html}},
  OPTannote =    {}
}
